<?xml version="1.0" encoding="UTF-8"?>
<collection>
   <record>
      <leader>02318cam a2200505Ia 4500</leader>
      <controlfield tag="001">9915454305107426</controlfield>
      <controlfield tag="005">20221102003609.0</controlfield>
      <controlfield tag="008">920620s1871    paua          001 0 eng d</controlfield>
      <datafield tag="016" ind1="7" ind2=" ">
         <subfield code="a">CAT10508801</subfield>
         <subfield code="2">DNAL</subfield>
      </datafield>
      <datafield tag="019" ind1=" " ind2=" ">
         <subfield code="a">20305285</subfield>
      </datafield>
      <datafield tag="035" ind1=" " ind2=" ">
         <subfield code="a">413549</subfield>
      </datafield>
      <datafield tag="035" ind1=" " ind2=" ">
         <subfield code="a">(OCoLC)14063112</subfield>
         <subfield code="z">(OCoLC)20305285</subfield>
      </datafield>
      <datafield tag="035" ind1=" " ind2=" ">
         <subfield code="a">(DNAL)413549-naldb-Voyager</subfield>
      </datafield>
      <datafield tag="035" ind1=" " ind2=" ">
         <subfield code="z">(OCoLC)20305285</subfield>
      </datafield>
      <datafield tag="040" ind1=" " ind2=" ">
         <subfield code="a">SUR</subfield>
         <subfield code="b">eng</subfield>
         <subfield code="c">SUR</subfield>
         <subfield code="d">AGL</subfield>
         <subfield code="d">OCLCG</subfield>
         <subfield code="d">OCLCQ</subfield>
         <subfield code="d">OCLCF</subfield>
         <subfield code="d">OCLCQ</subfield>
         <subfield code="d">OCLCO</subfield>
      </datafield>
      <datafield tag="043" ind1=" " ind2=" ">
         <subfield code="a">n-us---</subfield>
      </datafield>
      <datafield tag="049" ind1=" " ind2=" ">
         <subfield code="a">RQIA</subfield>
      </datafield>
      <datafield tag="070" ind1="0" ind2=" ">
         <subfield code="a">SF951</subfield>
         <subfield code="b">.W36 1871</subfield>
      </datafield>
      <datafield tag="072" ind1=" " ind2="0">
         <subfield code="a">L100</subfield>
      </datafield>
      <datafield tag="100" ind1="1" ind2=" ">
         <subfield code="a">Walsh, J. H.</subfield>
         <subfield code="q">(John Henry),</subfield>
         <subfield code="d">1810-1888.</subfield>
         <subfield code="0">http://id.loc.gov/authorities/names/no96010121</subfield>
      </datafield>
      <datafield tag="245" ind1="1" ind2="4">
         <subfield code="a">The horse, in the stable and the field :</subfield>
         <subfield code="b">his management in health and disease /</subfield>
         <subfield code="c">by J.H. Walsh ("Stonehenge") ; with An essay on the American trotting horse, and suggestions on the breeding and training of trotters by Ellwood Harvey, and the turf and trotting horse of America by John Elderkin. Illus ; with eighty engravings.</subfield>
      </datafield>
      <datafield tag="250" ind1=" " ind2=" ">
         <subfield code="a">11th rev. ed.</subfield>
      </datafield>
      <datafield tag="260" ind1=" " ind2=" ">
         <subfield code="a">Philadelphia :</subfield>
         <subfield code="b">Porter &amp; Coates,</subfield>
         <subfield code="c">1871.</subfield>
      </datafield>
      <datafield tag="300" ind1=" " ind2=" ">
         <subfield code="a">xii, 582 pages :</subfield>
         <subfield code="b">illustrations ;</subfield>
         <subfield code="c">20 cm</subfield>
      </datafield>
      <datafield tag="336" ind1=" " ind2=" ">
         <subfield code="a">text</subfield>
         <subfield code="b">txt</subfield>
         <subfield code="2">rdacontent</subfield>
      </datafield>
      <datafield tag="337" ind1=" " ind2=" ">
         <subfield code="a">unmediated</subfield>
         <subfield code="b">n</subfield>
         <subfield code="2">rdamedia</subfield>
      </datafield>
      <datafield tag="338" ind1=" " ind2=" ">
         <subfield code="a">volume</subfield>
         <subfield code="b">nc</subfield>
         <subfield code="2">rdacarrier</subfield>
      </datafield>
      <datafield tag="591" ind1=" " ind2=" ">
         <subfield code="b">NAL Reclamation</subfield>
      </datafield>
      <datafield tag="650" ind1=" " ind2="0">
         <subfield code="a">Horses</subfield>
         <subfield code="x">Diseases.</subfield>
         <subfield code="0">http://id.loc.gov/authorities/subjects/sh85062163</subfield>
      </datafield>
      <datafield tag="650" ind1=" " ind2="0">
         <subfield code="a">Horses</subfield>
         <subfield code="x">Health.</subfield>
      </datafield>
      <datafield tag="650" ind1=" " ind2="0">
         <subfield code="a">Race horses</subfield>
         <subfield code="x">Training</subfield>
         <subfield code="z">United States.</subfield>
      </datafield>
      <datafield tag="650" ind1=" " ind2="0">
         <subfield code="a">Race horses</subfield>
         <subfield code="x">Breeding</subfield>
         <subfield code="z">United States.</subfield>
      </datafield>
      <datafield tag="651" ind1=" " ind2="7">
         <subfield code="a">United States.</subfield>
         <subfield code="2">fast</subfield>
         <subfield code="0">(OCoLC)fst01204155</subfield>
      </datafield>
      <datafield tag="700" ind1="1" ind2=" ">
         <subfield code="a">Harvey, Ellwood,</subfield>
         <subfield code="d">1820-1889.</subfield>
         <subfield code="0">http://id.loc.gov/authorities/names/nr95021824</subfield>
      </datafield>
      <datafield tag="700" ind1="1" ind2=" ">
         <subfield code="a">Elderkin, John,</subfield>
         <subfield code="d">1841-1926.</subfield>
         <subfield code="0">http://id.loc.gov/authorities/names/n94117913</subfield>
      </datafield>
      <datafield tag="740" ind1="0" ind2="2">
         <subfield code="a">Essay on the American trotting horse, and suggestions on the breeding and training of trotters.</subfield>
      </datafield>
      <datafield tag="740" ind1="0" ind2="2">
         <subfield code="a">Turf and trotting horse of America.</subfield>
      </datafield>
      <datafield tag="776" ind1="0" ind2="8">
         <subfield code="i">Online version:</subfield>
         <subfield code="a">Walsh, J. H. (John Henry), 1810-1888.</subfield>
         <subfield code="t">Horse, in the stable and the field.</subfield>
         <subfield code="b">11th rev. ed.</subfield>
         <subfield code="d">Philadelphia : Porter &amp; Coates, 1871</subfield>
         <subfield code="w">(OCoLC)1011135018</subfield>
      </datafield>
      <datafield tag="912" ind1=" " ind2=" ">
         <subfield code="a">nalcatalog</subfield>
      </datafield>
      <datafield tag="930" ind1=" " ind2=" ">
         <subfield code="a">20170919</subfield>
         <subfield code="b">20171009</subfield>
         <subfield code="c">00000000</subfield>
      </datafield>
      <datafield tag="939" ind1=" " ind2=" ">
         <subfield code="a">20080507</subfield>
         <subfield code="b">20080606</subfield>
         <subfield code="c">00000000</subfield>
      </datafield>
      <datafield tag="939" ind1=" " ind2=" ">
         <subfield code="a">20080415</subfield>
         <subfield code="b">20080502</subfield>
         <subfield code="c">00000000</subfield>
      </datafield>
      <datafield tag="939" ind1=" " ind2=" ">
         <subfield code="a">20080320</subfield>
         <subfield code="b">20080404</subfield>
         <subfield code="c">00000000</subfield>
      </datafield>
      <datafield tag="946" ind1=" " ind2=" ">
         <subfield code="a">Other US</subfield>
      </datafield>
      <datafield tag="994" ind1=" " ind2=" ">
         <subfield code="a">92</subfield>
         <subfield code="b">AGL</subfield>
      </datafield>
   </record>
</collection>
